[gd_scene load_steps=14 format=2]

[ext_resource path="res://Fonts/UbuntuRegular.ttf" type="DynamicFontData" id=1]
[ext_resource path="res://Scripts/Submarines/Submarine.gd" type="Script" id=2]
[ext_resource path="res://Media/Submarines/Submarine.svg" type="Texture" id=3]
[ext_resource path="res://Media/Submarines/Gift.svg" type="Texture" id=5]
[ext_resource path="res://Media/Submarines/SubmarineShadow.svg" type="Texture" id=7]

[sub_resource type="Shader" id=13]
code = "shader_type canvas_item;

uniform vec4 bodycolor : hint_color = vec4(0, 0, 0, 1);
uniform vec4 outlinecolor : hint_color = vec4(1, 1, 1, 1);
uniform float width : hint_range(0, 20) = 0;
uniform int pattern : hint_range(0, 2) = 1; // diamond, circle, square
uniform bool inside = false;
uniform bool add_margins = true; // only useful when inside is false


void vertex() {
	if (add_margins) {
		VERTEX += (UV * 2.0 - 1.0) * width;
	}
}

bool hasContraryNeighbour(vec2 uv, vec2 texture_pixel_size, sampler2D texture) {
	for (float i = -ceil(width); i <= ceil(width); i++) {
		float x = abs(i) > width ? width * sign(i) : i;
		float offset;
		
		if (pattern == 0) {
			offset = width - abs(x);
		} else if (pattern == 1) {
			offset = floor(sqrt(pow(width + 0.5, 2) - x * x));
		} else if (pattern == 2) {
			offset = width;
		}
		
		for (float j = -ceil(offset); j <= ceil(offset); j++) {
			float y = abs(j) > offset ? offset * sign(j) : j;
			vec2 xy = uv + texture_pixel_size * vec2(x, y);
			
			if ((xy != clamp(xy, vec2(0.0), vec2(1.0)) || texture(texture, xy).a == 0.0) == inside) {
				return true;
			}
		}
	}
	
	return false;
}

void fragment() {
	vec2 uv = UV;
	
	if (add_margins) {
		vec2 texture_pixel_size = vec2(1.0) / (vec2(1.0) / TEXTURE_PIXEL_SIZE + vec2(width * 2.0));
		
		uv = (uv - texture_pixel_size * width) * TEXTURE_PIXEL_SIZE / texture_pixel_size;
		
		if (uv != clamp(uv, vec2(0.0), vec2(1.0))) {
			COLOR.a = 0.0;
		} else {
			COLOR = texture(TEXTURE, uv) * bodycolor;
		}
	} else {
		COLOR = texture(TEXTURE, uv) * bodycolor;
	}
	
	if ((COLOR.a > 0.0) == inside && hasContraryNeighbour(uv, TEXTURE_PIXEL_SIZE, TEXTURE)) {
		COLOR.rgb = inside ? mix(COLOR.rgb, outlinecolor.rgb, outlinecolor.a) : outlinecolor.rgb;
		COLOR.a += (1.0 - COLOR.a) * outlinecolor.a;
	}
}
"

[sub_resource type="ShaderMaterial" id=14]
shader = SubResource( 13 )
shader_param/bodycolor = Color( 0, 0, 0, 1 )
shader_param/outlinecolor = Color( 1, 1, 1, 1 )
shader_param/width = 0.0
shader_param/pattern = 1
shader_param/inside = false
shader_param/add_margins = true

[sub_resource type="DynamicFont" id=1]
font_data = ExtResource( 1 )

[sub_resource type="Theme" id=2]
Label/colors/font_color = Color( 1, 1, 1, 1 )
Label/fonts/font = SubResource( 1 )

[sub_resource type="StyleBoxTexture" id=9]

[sub_resource type="Theme" id=8]
Button/styles/disabled = SubResource( 9 )
Button/styles/focus = SubResource( 9 )
Button/styles/hover = SubResource( 9 )
Button/styles/normal = SubResource( 9 )
Button/styles/pressed = SubResource( 9 )

[sub_resource type="Animation" id=10]
resource_name = "PrepareMove"
length = 2.0
loop = true
tracks/0/type = "value"
tracks/0/path = NodePath("Body:position")
tracks/0/interp = 1
tracks/0/loop_wrap = true
tracks/0/imported = false
tracks/0/enabled = true
tracks/0/keys = {
"times": PoolRealArray( 0, 1, 2 ),
"transitions": PoolRealArray( -2, -2, -2 ),
"update": 0,
"values": [ Vector2( 0, 0 ), Vector2( 20, 0 ), Vector2( 0, 0 ) ]
}

[sub_resource type="Animation" id=15]
resource_name = "GiftFlash"
loop = true
tracks/0/type = "value"
tracks/0/path = NodePath("Body/Sprites/SubmarineSprite:visible")
tracks/0/interp = 1
tracks/0/loop_wrap = true
tracks/0/imported = false
tracks/0/enabled = true
tracks/0/keys = {
"times": PoolRealArray( 0, 0.5 ),
"transitions": PoolRealArray( 1, 1 ),
"update": 1,
"values": [ false, true ]
}
tracks/1/type = "value"
tracks/1/path = NodePath("Body/Sprites/GiftSprite:visible")
tracks/1/interp = 1
tracks/1/loop_wrap = true
tracks/1/imported = false
tracks/1/enabled = true
tracks/1/keys = {
"times": PoolRealArray( 0, 0.5 ),
"transitions": PoolRealArray( 1.10957, 1 ),
"update": 1,
"values": [ true, false ]
}

[node name="Submarine" type="Node2D" groups=["Submarine"]]
script = ExtResource( 2 )

[node name="Body" type="Node2D" parent="."]

[node name="Sprites" type="Node2D" parent="Body"]
material = SubResource( 14 )

[node name="SubmarineSprite" type="Sprite" parent="Body/Sprites"]
use_parent_material = true
position = Vector2( -5, -2.5 )
scale = Vector2( 0.2, 0.2 )
texture = ExtResource( 3 )

[node name="GiftSprite" type="Sprite" parent="Body/Sprites"]
visible = false
use_parent_material = true
position = Vector2( 0, -7.5 )
scale = Vector2( 0.2, 0.2 )
texture = ExtResource( 5 )

[node name="SubmarineShadowSprite" type="Sprite" parent="Body"]
position = Vector2( 0, 4.76837e-07 )
scale = Vector2( 0.2, 0.2 )
texture = ExtResource( 7 )

[node name="TroopsLabel" type="Label" parent="Body"]
margin_left = -25.0
margin_top = -17.0
margin_right = 25.0
margin_bottom = 18.0
rect_pivot_offset = Vector2( 25, 17 )
theme = SubResource( 2 )
text = "0"
align = 1
valign = 1

[node name="Button" type="Button" parent="."]
margin_left = -54.4079
margin_top = -25.0
margin_right = 45.5921
margin_bottom = 25.0
rect_pivot_offset = Vector2( 55, 25 )
theme = SubResource( 8 )

[node name="LaunchTimer" type="Timer" parent="."]
one_shot = true

[node name="PrepareMoveAnimation" type="AnimationPlayer" parent="."]
anims/PrepareMove = SubResource( 10 )

[node name="GiftFlashAnimation" type="AnimationPlayer" parent="."]
anims/GiftFlash = SubResource( 15 )

[connection signal="pressed" from="Button" to="." method="_on_Button_pressed"]
[connection signal="timeout" from="LaunchTimer" to="." method="_on_LaunchTimer_timeout"]
