[gd_scene load_steps=44 format=2]

[ext_resource path="res://Media/Panels/SidebarBackground.svg" type="Texture" id=1]
[ext_resource path="res://Scripts/Game/Game.gd" type="Script" id=2]
[ext_resource path="res://Scripts/Lines/RulerLabel.gd" type="Script" id=3]
[ext_resource path="res://Media/Background/Tile.svg" type="Texture" id=4]
[ext_resource path="res://Media/InterfaceElements/ClockButtonDisabled.svg" type="Texture" id=5]
[ext_resource path="res://Fonts/UbuntuRegular.ttf" type="DynamicFontData" id=6]
[ext_resource path="res://Media/InterfaceElements/ClockButton.svg" type="Texture" id=7]
[ext_resource path="res://Scenes/Lines/RulerLabel.tscn" type="PackedScene" id=8]
[ext_resource path="res://Scenes/Panels/GeneratorPanel.tscn" type="PackedScene" id=9]
[ext_resource path="res://Scenes/Lines/RulerLine.tscn" type="PackedScene" id=10]
[ext_resource path="res://Scenes/Panels/SubmarinePanel.tscn" type="PackedScene" id=11]
[ext_resource path="res://Scenes/Panels/TimePanel.tscn" type="PackedScene" id=12]
[ext_resource path="res://Scenes/Panels/PreparingPanel.tscn" type="PackedScene" id=13]
[ext_resource path="res://Media/InterfaceElements/ExitButtonDisabled.svg" type="Texture" id=14]
[ext_resource path="res://Scenes/Panels/LaunchingPanel.tscn" type="PackedScene" id=15]
[ext_resource path="res://Scenes/Panels/FactoryPanel.tscn" type="PackedScene" id=16]
[ext_resource path="res://Media/InterfaceElements/ExitButton.svg" type="Texture" id=17]
[ext_resource path="res://Scenes/Popups/GamePromptPopup.tscn" type="PackedScene" id=18]
[ext_resource path="res://Scenes/Panels/CommunicationsPanel.tscn" type="PackedScene" id=19]
[ext_resource path="res://Media/InterfaceElements/ChatButtonDisabled.svg" type="Texture" id=20]
[ext_resource path="res://Media/InterfaceElements/ChatButton.svg" type="Texture" id=21]
[ext_resource path="res://Scenes/Popups/GameAlertPopup.tscn" type="PackedScene" id=22]

[sub_resource type="StyleBoxTexture" id=4]

[sub_resource type="Theme" id=5]
Button/styles/disabled = SubResource( 4 )
Button/styles/focus = SubResource( 4 )
Button/styles/hover = SubResource( 4 )
Button/styles/normal = SubResource( 4 )
Button/styles/pressed = SubResource( 4 )

[sub_resource type="DynamicFont" id=8]
font_data = ExtResource( 6 )

[sub_resource type="Theme" id=10]
Label/fonts/font = SubResource( 8 )

[sub_resource type="StyleBoxTexture" id=6]
texture = ExtResource( 1 )
region_rect = Rect2( 0, 0, 500, 70 )
axis_stretch_horizontal = 1

[sub_resource type="Theme" id=7]
Panel/styles/panel = SubResource( 6 )

[sub_resource type="Theme" id=18]
HBoxContainer/constants/separation = 25

[sub_resource type="StyleBoxTexture" id=19]
texture = ExtResource( 20 )
region_rect = Rect2( 0, 0, 500, 500 )

[sub_resource type="StyleBoxTexture" id=20]
texture = ExtResource( 21 )
region_rect = Rect2( 0, 0, 500, 500 )

[sub_resource type="Theme" id=21]
Button/styles/disabled = SubResource( 19 )
Button/styles/focus = SubResource( 19 )
Button/styles/hover = SubResource( 19 )
Button/styles/normal = SubResource( 19 )
Button/styles/pressed = SubResource( 20 )

[sub_resource type="StyleBoxTexture" id=1]
texture = ExtResource( 5 )
region_rect = Rect2( 0, 0, 500, 500 )

[sub_resource type="StyleBoxTexture" id=2]
texture = ExtResource( 7 )
region_rect = Rect2( 0, 0, 500, 500 )

[sub_resource type="Theme" id=3]
Button/styles/disabled = SubResource( 1 )
Button/styles/focus = SubResource( 1 )
Button/styles/hover = SubResource( 1 )
Button/styles/normal = SubResource( 1 )
Button/styles/pressed = SubResource( 2 )

[sub_resource type="StyleBoxTexture" id=11]
texture = ExtResource( 14 )
region_rect = Rect2( 0, 0, 500, 500 )

[sub_resource type="StyleBoxTexture" id=12]
texture = ExtResource( 17 )
region_rect = Rect2( 0, 0, 500, 500 )

[sub_resource type="Theme" id=13]
Button/styles/disabled = SubResource( 11 )
Button/styles/focus = SubResource( 11 )
Button/styles/hover = SubResource( 11 )
Button/styles/normal = SubResource( 11 )
Button/styles/pressed = SubResource( 12 )

[sub_resource type="StyleBoxFlat" id=16]
bg_color = Color( 0.835294, 0.823529, 0.807843, 1 )
corner_radius_top_left = 10
corner_radius_top_right = 10
corner_radius_bottom_right = 10
corner_radius_bottom_left = 10

[sub_resource type="Theme" id=17]
Panel/styles/panel = SubResource( 16 )
VBoxContainer/constants/separation = 5

[sub_resource type="StyleBoxTexture" id=14]

[sub_resource type="Theme" id=15]
Panel/styles/panel = SubResource( 14 )

[sub_resource type="Theme" id=9]
Label/fonts/font = SubResource( 8 )

[node name="Game" type="Node2D"]
script = ExtResource( 2 )

[node name="Background" type="TextureRect" parent="."]
margin_left = -2500.0
margin_top = -2500.0
margin_right = 2500.0
margin_bottom = 2500.0
texture = ExtResource( 4 )
stretch_mode = 2

[node name="MapControls" type="CanvasLayer" parent="."]
layer = 0

[node name="MapButton" type="Button" parent="MapControls"]
anchor_right = 1.0
anchor_bottom = 1.0
margin_bottom = 14.0
rect_pivot_offset = Vector2( 500, 300 )
focus_mode = 0
theme = SubResource( 5 )
action_mode = 0
enabled_focus_mode = 0

[node name="Camera" type="Node2D" parent="."]

[node name="Camera2D" type="Camera2D" parent="Camera"]
current = true

[node name="LineButtons" type="Node2D" parent="."]

[node name="Outposts" type="Node2D" parent="."]

[node name="Lines" type="Node2D" parent="."]

[node name="RulerLine" parent="Lines" instance=ExtResource( 10 )]
visible = false

[node name="RulerLabel" parent="Lines" instance=ExtResource( 8 )]
visible = false
script = ExtResource( 3 )

[node name="Submarines" type="Node2D" parent="."]

[node name="Timers" type="Node2D" parent="."]

[node name="LaunchTimers" type="Node2D" parent="Timers"]

[node name="Interface" type="CanvasLayer" parent="."]

[node name="OnlinePlayers" type="Control" parent="Interface"]
anchor_left = 1.0
anchor_top = 1.0
anchor_right = 1.0
anchor_bottom = 1.0
margin_left = -9.0
margin_top = -115.0
margin_right = -9.0
margin_bottom = -70.0
grow_horizontal = 0

[node name="OnlinePlayersLabel" type="Label" parent="Interface/OnlinePlayers"]
margin_left = -90.0
margin_bottom = 45.0
rect_pivot_offset = Vector2( 90, 0 )
theme = SubResource( 10 )
text = "Online now:"
valign = 1
autowrap = true

[node name="OnlineIndicators" type="Control" parent="Interface/OnlinePlayers"]
anchor_left = 1.0
anchor_right = 1.0
anchor_bottom = 1.0
margin_left = -20.0

[node name="BottomBar" type="Panel" parent="Interface"]
anchor_top = 1.0
anchor_right = 1.0
anchor_bottom = 1.0
margin_top = -70.0
theme = SubResource( 7 )

[node name="HBoxContainer" type="HBoxContainer" parent="Interface/BottomBar"]
anchor_right = 1.0
anchor_bottom = 1.0
margin_left = 10.0
margin_top = 10.0
margin_right = -10.0
margin_bottom = -10.0
theme = SubResource( 18 )

[node name="CommunicationsButton" type="Button" parent="Interface/BottomBar/HBoxContainer"]
margin_right = 50.0
margin_bottom = 50.0
rect_min_size = Vector2( 50, 50 )
focus_mode = 0
theme = SubResource( 21 )
toggle_mode = true
enabled_focus_mode = 0

[node name="ClockButton" type="Button" parent="Interface/BottomBar/HBoxContainer"]
margin_left = 75.0
margin_right = 125.0
margin_bottom = 50.0
rect_min_size = Vector2( 50, 50 )
focus_mode = 0
theme = SubResource( 3 )
toggle_mode = true
enabled_focus_mode = 0

[node name="ExitButton" type="Button" parent="Interface/BottomBar/HBoxContainer"]
margin_left = 150.0
margin_right = 200.0
margin_bottom = 50.0
rect_min_size = Vector2( 50, 50 )
focus_mode = 0
theme = SubResource( 13 )
toggle_mode = true
enabled_focus_mode = 0

[node name="Panels" type="Control" parent="Interface"]
anchor_right = 1.0
anchor_bottom = 1.0
mouse_filter = 2

[node name="Preparing" parent="Interface/Panels" instance=ExtResource( 13 )]
visible = false
margin_left = 10.0
margin_top = 10.0
margin_right = 160.0
margin_bottom = 160.0

[node name="Launching" parent="Interface/Panels" instance=ExtResource( 15 )]
visible = false
margin_left = 170.0
margin_top = 10.0
margin_right = 320.0
margin_bottom = 160.0

[node name="Time" parent="Interface/Panels" instance=ExtResource( 12 )]
visible = false
anchor_top = 1.0
anchor_bottom = 1.0
margin_left = 10.0
margin_top = -230.0
margin_right = 320.0
margin_bottom = -80.0

[node name="Submarine" parent="Interface/Panels" instance=ExtResource( 11 )]
visible = false
margin_left = 10.0
margin_top = 10.0
margin_right = 320.0
margin_bottom = 160.0

[node name="Factory" parent="Interface/Panels" instance=ExtResource( 16 )]
visible = false
margin_left = 10.0
margin_top = 10.0
margin_right = 320.0
margin_bottom = 160.0
theme = SubResource( 17 )

[node name="Generator" parent="Interface/Panels" instance=ExtResource( 9 )]
visible = false
margin_left = 10.0
margin_top = 10.0
margin_right = 320.0
margin_bottom = 160.0
theme = SubResource( 17 )

[node name="Communications" parent="Interface/Panels" instance=ExtResource( 19 )]
visible = false
anchor_top = 1.0
anchor_bottom = 1.0
margin_left = 10.0
margin_top = -380.0
margin_right = 630.0
margin_bottom = -80.0

[node name="Popups" type="Control" parent="Interface"]
anchor_right = 1.0
anchor_bottom = 1.0
mouse_filter = 2

[node name="Exit" type="Control" parent="Interface/Popups"]
visible = false
anchor_right = 1.0
anchor_bottom = 1.0
theme = SubResource( 15 )

[node name="GamePromptPopup" parent="Interface/Popups/Exit" instance=ExtResource( 18 )]
anchor_left = 0.5
anchor_top = 0.5
anchor_right = 0.5
anchor_bottom = 0.5
margin_left = -155.0
margin_top = -75.0
margin_right = 155.0
margin_bottom = 75.0

[node name="InfoLabel" parent="Interface/Popups/Exit/GamePromptPopup" index="0"]
text = "Are you sure that you want to exit to the main menu?"

[node name="AbsentChatPlayers" type="Control" parent="Interface/Popups"]
visible = false
anchor_right = 1.0
anchor_bottom = 1.0

[node name="GameAlertPopup" parent="Interface/Popups/AbsentChatPlayers" instance=ExtResource( 22 )]
anchor_left = 0.5
anchor_top = 0.5
anchor_right = 0.5
anchor_bottom = 0.5
margin_left = -155.0
margin_top = -75.0
margin_right = 155.0
margin_bottom = 75.0

[node name="InfoLabel" parent="Interface/Popups/AbsentChatPlayers/GameAlertPopup" index="0"]
text = "Cannot create new chat when there are no other players"

[node name="GameStartLabel" type="Label" parent="Interface"]
anchor_right = 1.0
margin_bottom = 50.0
theme = SubResource( 9 )
text = "Waiting for more players to join (0/10 present)"
align = 1
valign = 1
autowrap = true

[node name="JumpTween" type="Tween" parent="."]

[connection signal="button_down" from="MapControls/MapButton" to="." method="_on_MapButton_button_down"]
[connection signal="button_up" from="MapControls/MapButton" to="." method="_on_MapButton_button_up"]
[connection signal="toggled" from="Interface/BottomBar/HBoxContainer/CommunicationsButton" to="." method="_on_CommunicationsButton_toggled"]
[connection signal="toggled" from="Interface/BottomBar/HBoxContainer/ClockButton" to="." method="_on_ClockButton_toggled"]
[connection signal="toggled" from="Interface/BottomBar/HBoxContainer/ExitButton" to="." method="_on_ExitButton_toggled"]
[connection signal="pressed" from="Interface/Popups/Exit/GamePromptPopup/YesButton" to="." method="_on_ExitPopupYesButton_pressed"]
[connection signal="tween_completed" from="JumpTween" to="." method="_on_JumpTween_tween_completed"]
[connection signal="tween_step" from="JumpTween" to="." method="_on_JumpTween_tween_step"]

[editable path="Interface/Popups/Exit/GamePromptPopup"]
[editable path="Interface/Popups/AbsentChatPlayers/GameAlertPopup"]
