[gd_scene load_steps=4 format=2]

[ext_resource path="res://Scripts/Menus/MainMenu.gd" type="Script" id=1]
[ext_resource path="res://Themes/InterfaceElements/Menu.tres" type="Theme" id=2]
[ext_resource path="res://Scenes/Popups/MenuNoticePopup.tscn" type="PackedScene" id=3]

[node name="MainMenu" type="Control"]
anchor_right = 1.0
anchor_bottom = 1.0
script = ExtResource( 1 )

[node name="ColorRect" type="ColorRect" parent="."]
anchor_right = 1.0
anchor_bottom = 1.0
color = Color( 0.027451, 0.121569, 0.176471, 1 )

[node name="MenuButtons" type="HBoxContainer" parent="."]
anchor_right = 1.0
margin_left = 50.0
margin_top = 50.0
margin_right = -50.0
margin_bottom = 100.0
theme = ExtResource( 2 )

[node name="JoinedGamesButton" type="Button" parent="MenuButtons"]
margin_right = 206.0
margin_bottom = 50.0
focus_mode = 0
size_flags_horizontal = 3
size_flags_vertical = 3
theme = ExtResource( 2 )
toggle_mode = true
pressed = true
enabled_focus_mode = 0
text = "Joined Games"
clip_text = true

[node name="OpenGamesButton" type="Button" parent="MenuButtons"]
margin_left = 231.0
margin_right = 437.0
margin_bottom = 50.0
focus_mode = 0
size_flags_horizontal = 3
size_flags_vertical = 3
theme = ExtResource( 2 )
toggle_mode = true
enabled_focus_mode = 0
text = "Open Games"
clip_text = true

[node name="CreateGameButton" type="Button" parent="MenuButtons"]
margin_left = 462.0
margin_right = 668.0
margin_bottom = 50.0
focus_mode = 0
size_flags_horizontal = 3
size_flags_vertical = 3
theme = ExtResource( 2 )
toggle_mode = true
enabled_focus_mode = 0
text = "Create Game"
clip_text = true

[node name="SettingsMenuButton" type="Button" parent="MenuButtons"]
margin_left = 693.0
margin_right = 900.0
margin_bottom = 50.0
focus_mode = 0
size_flags_horizontal = 3
size_flags_vertical = 3
theme = ExtResource( 2 )
toggle_mode = true
enabled_focus_mode = 0
text = "Settings Menu"
clip_text = true

[node name="Menus" type="Control" parent="."]
anchor_right = 1.0
anchor_bottom = 1.0
margin_left = 50.0
margin_top = 150.0
margin_right = -50.0
margin_bottom = -50.0

[node name="JoinedGames" type="Control" parent="Menus"]
anchor_right = 1.0
anchor_bottom = 1.0

[node name="ScrollContainer" type="ScrollContainer" parent="Menus/JoinedGames"]
anchor_right = 1.0
anchor_bottom = 1.0
theme = ExtResource( 2 )
scroll_horizontal_enabled = false

[node name="VBoxContainer" type="VBoxContainer" parent="Menus/JoinedGames/ScrollContainer"]
margin_right = 900.0
margin_bottom = 400.0
size_flags_horizontal = 3
size_flags_vertical = 3
theme = ExtResource( 2 )

[node name="RefreshJoinedGamesButton" type="Button" parent="Menus/JoinedGames/ScrollContainer/VBoxContainer"]
margin_right = 900.0
margin_bottom = 50.0
rect_min_size = Vector2( 0, 50 )
size_flags_horizontal = 3
theme = ExtResource( 2 )
text = "Refresh"

[node name="Separator" type="Control" parent="Menus/JoinedGames/ScrollContainer/VBoxContainer"]
margin_top = 75.0
margin_right = 900.0
margin_bottom = 75.0

[node name="OpenGames" type="Control" parent="Menus"]
visible = false
anchor_right = 1.0
anchor_bottom = 1.0

[node name="ScrollContainer" type="ScrollContainer" parent="Menus/OpenGames"]
anchor_right = 1.0
anchor_bottom = 1.0
theme = ExtResource( 2 )

[node name="VBoxContainer" type="VBoxContainer" parent="Menus/OpenGames/ScrollContainer"]
margin_right = 900.0
margin_bottom = 400.0
size_flags_horizontal = 3
size_flags_vertical = 3
theme = ExtResource( 2 )

[node name="RefreshOpenGamesButton" type="Button" parent="Menus/OpenGames/ScrollContainer/VBoxContainer"]
margin_right = 900.0
margin_bottom = 50.0
rect_min_size = Vector2( 0, 50 )
size_flags_horizontal = 3
theme = ExtResource( 2 )
text = "Refresh"

[node name="Separator" type="Control" parent="Menus/OpenGames/ScrollContainer/VBoxContainer"]
margin_right = 900.0

[node name="CreateGame" type="Control" parent="Menus"]
visible = false
anchor_right = 1.0
anchor_bottom = 1.0

[node name="ScrollContainer" type="ScrollContainer" parent="Menus/CreateGame"]
anchor_right = 1.0
anchor_bottom = 1.0
theme = ExtResource( 2 )

[node name="VBoxContainer" type="VBoxContainer" parent="Menus/CreateGame/ScrollContainer"]
margin_right = 900.0
margin_bottom = 525.0
size_flags_horizontal = 3
size_flags_vertical = 3
theme = ExtResource( 2 )

[node name="GameName" type="HBoxContainer" parent="Menus/CreateGame/ScrollContainer/VBoxContainer"]
margin_right = 888.0
margin_bottom = 50.0
rect_min_size = Vector2( 0, 50 )

[node name="GameNameLabel" type="Label" parent="Menus/CreateGame/ScrollContainer/VBoxContainer/GameName"]
margin_right = 431.0
margin_bottom = 50.0
size_flags_horizontal = 3
size_flags_vertical = 3
theme = ExtResource( 2 )
text = "Game name"
valign = 1
autowrap = true

[node name="GameNameLineEdit" type="LineEdit" parent="Menus/CreateGame/ScrollContainer/VBoxContainer/GameName"]
margin_left = 456.0
margin_right = 888.0
margin_bottom = 50.0
size_flags_horizontal = 3
size_flags_vertical = 3
theme = ExtResource( 2 )

[node name="Players" type="HBoxContainer" parent="Menus/CreateGame/ScrollContainer/VBoxContainer"]
margin_top = 75.0
margin_right = 888.0
margin_bottom = 125.0
rect_min_size = Vector2( 0, 50 )

[node name="PlayersLabel" type="Label" parent="Menus/CreateGame/ScrollContainer/VBoxContainer/Players"]
margin_right = 431.0
margin_bottom = 50.0
size_flags_horizontal = 3
size_flags_vertical = 7
theme = ExtResource( 2 )
text = "Players"
valign = 1
autowrap = true

[node name="PlayersSpinBox" type="SpinBox" parent="Menus/CreateGame/ScrollContainer/VBoxContainer/Players"]
margin_left = 456.0
margin_right = 888.0
margin_bottom = 50.0
size_flags_horizontal = 3
size_flags_vertical = 7
min_value = 2.0
max_value = 10.0
value = 2.0

[node name="TickLength" type="HBoxContainer" parent="Menus/CreateGame/ScrollContainer/VBoxContainer"]
margin_top = 150.0
margin_right = 888.0
margin_bottom = 200.0
rect_min_size = Vector2( 0, 50 )

[node name="TickLegnthLabel" type="Label" parent="Menus/CreateGame/ScrollContainer/VBoxContainer/TickLength"]
margin_right = 431.0
margin_bottom = 50.0
size_flags_horizontal = 3
size_flags_vertical = 3
theme = ExtResource( 2 )
text = "Tick Length"
valign = 1
autowrap = true

[node name="TickLengthOptionButton" type="OptionButton" parent="Menus/CreateGame/ScrollContainer/VBoxContainer/TickLength"]
margin_left = 456.0
margin_right = 888.0
margin_bottom = 50.0
focus_mode = 0
size_flags_horizontal = 3
size_flags_vertical = 3
enabled_focus_mode = 0

[node name="ShowAdvancedButton" type="Button" parent="Menus/CreateGame/ScrollContainer/VBoxContainer"]
margin_top = 225.0
margin_right = 888.0
margin_bottom = 275.0
rect_min_size = Vector2( 0, 50 )
focus_mode = 0
theme = ExtResource( 2 )
toggle_mode = true
enabled_focus_mode = 0
text = "Show advanced options "

[node name="LaunchWaitModifer" type="HBoxContainer" parent="Menus/CreateGame/ScrollContainer/VBoxContainer" groups=["Advanced"]]
margin_top = 300.0
margin_right = 888.0
margin_bottom = 350.0
rect_min_size = Vector2( 0, 50 )

[node name="LaunchWaitModiferLabel" type="Label" parent="Menus/CreateGame/ScrollContainer/VBoxContainer/LaunchWaitModifer"]
margin_right = 431.0
margin_bottom = 50.0
size_flags_horizontal = 3
size_flags_vertical = 3
theme = ExtResource( 2 )
text = "Ticks to wait before launching submarine"
valign = 1
autowrap = true

[node name="LaunchWaitModiferSpinBox" type="SpinBox" parent="Menus/CreateGame/ScrollContainer/VBoxContainer/LaunchWaitModifer"]
margin_left = 456.0
margin_right = 888.0
margin_bottom = 50.0
size_flags_horizontal = 3
size_flags_vertical = 3
min_value = 1.0
max_value = 30.0
value = 1.0

[node name="GiftWaitModifer" type="HBoxContainer" parent="Menus/CreateGame/ScrollContainer/VBoxContainer" groups=["Advanced"]]
margin_top = 375.0
margin_right = 888.0
margin_bottom = 425.0
rect_min_size = Vector2( 0, 50 )

[node name="GiftWaitModiferLabel" type="Label" parent="Menus/CreateGame/ScrollContainer/VBoxContainer/GiftWaitModifer"]
margin_right = 431.0
margin_bottom = 50.0
size_flags_horizontal = 3
size_flags_vertical = 3
theme = ExtResource( 2 )
text = "Ticks to wait before gifting submarine"
valign = 1
autowrap = true

[node name="GiftWaitModiferSpinBox" type="SpinBox" parent="Menus/CreateGame/ScrollContainer/VBoxContainer/GiftWaitModifer"]
margin_left = 456.0
margin_right = 888.0
margin_bottom = 50.0
size_flags_horizontal = 3
size_flags_vertical = 3
min_value = 1.0
max_value = 30.0
value = 1.0

[node name="CreateButton" type="Button" parent="Menus/CreateGame/ScrollContainer/VBoxContainer"]
margin_top = 450.0
margin_right = 888.0
margin_bottom = 500.0
rect_min_size = Vector2( 0, 50 )
theme = ExtResource( 2 )
text = "Create"

[node name="Separator" type="Control" parent="Menus/CreateGame/ScrollContainer/VBoxContainer"]
margin_top = 525.0
margin_right = 888.0
margin_bottom = 525.0

[node name="Popups" type="Control" parent="."]
anchor_right = 1.0
anchor_bottom = 1.0
mouse_filter = 2

[node name="InvalidGameName" type="Control" parent="Popups"]
visible = false
anchor_right = 1.0
anchor_bottom = 1.0

[node name="MenuNoticePopup" parent="Popups/InvalidGameName" instance=ExtResource( 3 )]
anchor_left = 0.5
anchor_top = 0.5
anchor_right = 0.5
anchor_bottom = 0.5
margin_left = -155.0
margin_top = -75.0
margin_right = 155.0
margin_bottom = 75.0

[node name="InfoLabel" parent="Popups/InvalidGameName/MenuNoticePopup" index="0"]
text = "Invalid game name"

[connection signal="pressed" from="MenuButtons/JoinedGamesButton" to="." method="_on_JoinedGamesButton_pressed"]
[connection signal="pressed" from="MenuButtons/OpenGamesButton" to="." method="_on_OpenGamesButton_pressed"]
[connection signal="pressed" from="MenuButtons/CreateGameButton" to="." method="_on_CreateGameButton_pressed"]
[connection signal="pressed" from="MenuButtons/SettingsMenuButton" to="." method="_on_SettingsMenuButton_pressed"]
[connection signal="pressed" from="Menus/JoinedGames/ScrollContainer/VBoxContainer/RefreshJoinedGamesButton" to="." method="_on_RefreshJoinedGamesButton_pressed"]
[connection signal="pressed" from="Menus/OpenGames/ScrollContainer/VBoxContainer/RefreshOpenGamesButton" to="." method="_on_RefreshOpenGamesButton_pressed"]
[connection signal="toggled" from="Menus/CreateGame/ScrollContainer/VBoxContainer/ShowAdvancedButton" to="." method="_on_ShowAdvancedButton_toggled"]
[connection signal="pressed" from="Menus/CreateGame/ScrollContainer/VBoxContainer/CreateButton" to="." method="_on_CreateButton_pressed"]

[editable path="Popups/InvalidGameName/MenuNoticePopup"]
